@InProceedings{Yeckle2018,
  author    = {Yeckle, Jaime and Tang, Bo},
  booktitle = {2018 1st International Conference on Data Intelligence and Security (ICDIS)},
  title     = {Detection of Electricity Theft in Customer Consumption Using Outlier Detection Algorithms},
  year      = {2018},
  month     = apr,
  pages     = {135--140},
  publisher = {IEEE},
  doi       = {10.1109/icdis.2018.00029},
}

@Article{Wang2023,
  author    = {Wang, Xinlin and Wang, Hao and Bhandari, Binayak and Cheng, Leming},
  journal   = {International Journal of Precision Engineering and Manufacturing-Green Technology},
  title     = {AI-Empowered Methods for Smart Energy Consumption: A Review of Load Forecasting, Anomaly Detection and Demand Response},
  year      = {2023},
  issn      = {2198-0810},
  month     = sep,
  number    = {3},
  pages     = {963--993},
  volume    = {11},
  doi       = {10.1007/s40684-023-00537-0},
  file      = {:/Users/mandarmaniyar/Downloads/s40684-023-00537-0.pdf:PDF},
  publisher = {Springer Science and Business Media LLC},
}

@Article{ElKhozondar2024,
  author    = {El-Khozondar, Hala Jarallah and Mtair, Shady Y. and Qoffa, Khaled O. and Qasem, Omer I. and Munyarawi, Ahmad H. and Nassar, Yasser F. and Bayoumi, Ehab H.E. and Halim, Ahmed Abd El Baset Abd El},
  journal   = {e-Prime - Advances in Electrical Engineering, Electronics and Energy},
  title     = {A smart energy monitoring system using ESP32 microcontroller},
  year      = {2024},
  issn      = {2772-6711},
  month     = sep,
  pages     = {100666},
  volume    = {9},
  doi       = {10.1016/j.prime.2024.100666},
  file      = {:/Users/mandarmaniyar/Downloads/1-s2.0-S2772671124002468-main.pdf:PDF},
  publisher = {Elsevier BV},
}

@InBook{Haddad2024,
  author    = {Haddad, Hatem and Jerbi, Feres and Smaali, Issam},
  pages     = {332--346},
  publisher = {Springer Nature Switzerland},
  title     = {Toward Unsupervised Energy Consumption Anomaly Detection},
  year      = {2024},
  isbn      = {9783031632150},
  booktitle = {Artificial Intelligence Applications and Innovations},
  doi       = {10.1007/978-3-031-63215-0_25},
  issn      = {1868-422X},
}

@Article{Noorchenarboo2025,
  author    = {Noorchenarboo, Mohammad and Grolinger, Katarina},
  journal   = {Energy and Buildings},
  title     = {Explaining deep learning-based anomaly detection in energy consumption data by focusing on contextually relevant data},
  year      = {2025},
  issn      = {0378-7788},
  month     = feb,
  pages     = {115177},
  volume    = {328},
  doi       = {10.1016/j.enbuild.2024.115177},
  file      = {:/Users/mandarmaniyar/Downloads/1-s2.0-S0378778824012933-main.pdf:PDF},
  publisher = {Elsevier BV},
}

@Article{Fan2018,
  author    = {Fan, Cheng and Xiao, Fu and Zhao, Yang and Wang, Jiayuan},
  journal   = {Applied Energy},
  title     = {Analytical investigation of autoencoder-based methods for unsupervised anomaly detection in building energy data},
  year      = {2018},
  issn      = {0306-2619},
  month     = feb,
  pages     = {1123--1135},
  volume    = {211},
  doi       = {10.1016/j.apenergy.2017.12.005},
  publisher = {Elsevier BV},
}

@Article{Himeur2020,
  author    = {Himeur, Yassine and Ghanem, Khalida and Alsalemi, Abdullah and Bensaali, Faycal and Amira, Abbes},
  title     = {Artificial Intelligence based Anomaly Detection of Energy Consumption in Buildings: A Review, Current Trends and New Perspectives},
  year      = {2020},
  copyright = {arXiv.org perpetual, non-exclusive license},
  doi       = {10.48550/ARXIV.2010.04560},
  file      = {:/Users/mandarmaniyar/Downloads/2010.04560v5.pdf:PDF},
  keywords  = {Computers and Society (cs.CY), FOS: Computer and information sciences, FOS: Computer and information sciences},
  publisher = {arXiv},
}

@Article{Pang2020,
  author    = {Pang, Guansong and Shen, Chunhua and Cao, Longbing and Hengel, Anton van den},
  title     = {Deep Learning for Anomaly Detection: A Review},
  year      = {2020},
  copyright = {arXiv.org perpetual, non-exclusive license},
  doi       = {10.48550/ARXIV.2007.02500},
  file      = {:/Users/mandarmaniyar/Downloads/2007.02500v3.pdf:PDF},
  keywords  = {Machine Learning (cs.LG), Computer Vision and Pattern Recognition (cs.CV), Machine Learning (stat.ML), FOS: Computer and information sciences, FOS: Computer and information sciences},
  publisher = {arXiv},
}

@Article{Jianyuan2022,
  author    = {Jianyuan, Wang and Chengcheng, Gu and Kechen, Liu},
  journal   = {Frontiers in Energy Research},
  title     = {Anomaly electricity detection method based on entropy weight method and isolated forest algorithm},
  year      = {2022},
  issn      = {2296-598X},
  month     = aug,
  volume    = {10},
  doi       = {10.3389/fenrg.2022.984473},
  file      = {:/Users/mandarmaniyar/Downloads/fenrg-10-984473.pdf:PDF},
  publisher = {Frontiers Media SA},
}

@Article{Ambat2024,
  author    = {Ambat, Anitha and Sahoo, Jayakrushna},
  journal   = {ETRI Journal},
  title     = {Anomaly detection and prediction of energy consumption for smart homes using machine learning},
  year      = {2024},
  issn      = {2233-7326},
  month     = sep,
  doi       = {10.4218/etrij.2023-0155},
  file      = {:/Users/mandarmaniyar/Downloads/ETRI Journal - 2024 - Ambat - Anomaly detection and prediction of energy consumption for smart homes using machine learning.pdf:PDF},
  publisher = {Wiley},
}

@InProceedings{Han2024,
  author    = {Han, Lu and Gao, Yuan and Zheng, Xuejian},
  booktitle = {International Conference on Mechatronic Engineering and Artificial Intelligence (MEAI 2023)},
  title     = {Anomaly detection and identification of power consumption data based on LOF and isolation forest},
  year      = {2024},
  editor    = {Liu, Fengli and Wei, Yonghe},
  month     = feb,
  pages     = {174},
  publisher = {SPIE},
  doi       = {10.1117/12.3025688},
}

@Article{Pan2022,
  author    = {Pan, Haipeng and Yin, Zhongqian and Jiang, Xianzhi},
  journal   = {Energies},
  title     = {High-Dimensional Energy Consumption Anomaly Detection: A Deep Learning-Based Method for Detecting Anomalies},
  year      = {2022},
  issn      = {1996-1073},
  month     = aug,
  number    = {17},
  pages     = {6139},
  volume    = {15},
  doi       = {10.3390/en15176139},
  file      = {:/Users/mandarmaniyar/Downloads/energies-15-06139.pdf:PDF},
  publisher = {MDPI AG},
}

@Article{Song2024,
  author    = {Song, Yi and Kuang, Sennan and Huang, Junling and Zhang, Da},
  journal   = {Energy and Built Environment},
  title     = {Unsupervised anomaly detection of industrial building energy consumption},
  year      = {2024},
  issn      = {2666-1233},
  month     = dec,
  doi       = {10.1016/j.enbenv.2024.12.005},
  file      = {:/Users/mandarmaniyar/Downloads/1-s2.0-S2666123324001144-main.pdf:PDF},
  publisher = {Elsevier BV},
}

@InProceedings{Mao2018,
  author    = {Mao, Wei and Cao, Xiu and zhou, Qinhua and Yan, Tong and Zhang, Yongkang},
  booktitle = {2018 International Conference on Power System Technology (POWERCON)},
  title     = {Anomaly Detection for Power Consumption Data based on Isolated Forest},
  year      = {2018},
  month     = nov,
  pages     = {4169--4174},
  publisher = {IEEE},
  doi       = {10.1109/powercon.2018.8602251},
}

@Article{Capozzoli2018,
  author    = {Capozzoli, Alfonso and Piscitelli, Marco Savino and Brandi, Silvio and Grassi, Daniele and Chicco, Gianfranco},
  journal   = {Energy},
  title     = {Automated load pattern learning and anomaly detection for enhancing energy management in smart buildings},
  year      = {2018},
  issn      = {0360-5442},
  month     = aug,
  pages     = {336--352},
  volume    = {157},
  doi       = {10.1016/j.energy.2018.05.127},
  publisher = {Elsevier BV},
}

@Article{Mendes2022,
  author    = {Mendes, Tomás and Cardoso, Pedro J. S. and Monteiro, Jânio and Raposo, João},
  journal   = {Applied Sciences},
  title     = {Anomaly Detection of Consumption in Hotel Units: A Case Study Comparing Isolation Forest and Variational Autoencoder Algorithms},
  year      = {2022},
  issn      = {2076-3417},
  month     = dec,
  number    = {1},
  pages     = {314},
  volume    = {13},
  doi       = {10.3390/app13010314},
  file      = {:/Users/mandarmaniyar/Downloads/applsci-13-00314-v2.pdf:PDF},
  publisher = {MDPI AG},
}

@Comment{jabref-meta: databaseType:bibtex;}
